@article{bib:ILC,
      author         = "Behnke, Ties and Brau, James E. and Foster, Brian and
                        Fuster, Juan and Harrison, Mike and Paterson, James McEwan
                        and Peskin, Michael and Stanitzki, Marcel and Walker,
                        Nicholas and Yamamoto, Hitoshi",
      title          = "{The International Linear Collider Technical Design
                        Report - Volume 1: Executive Summary}",
      year           = "2013",
      eprint         = "1306.6327",
      archivePrefix  = "arXiv",
      primaryClass   = "physics.acc-ph",
      reportNumber   = "ILC-REPORT-2013-040, ANL-HEP-TR-13-20,
                        BNL-100603-2013-IR, IRFU-13-59, CERN-ATS-2013-037,
                        COCKCROFT-13-10, CLNS-13-2085, DESY-13-062,
                        FERMILAB-TM-2554, IHEP-AC-ILC-2013-001, INFN-13-04-LNF,
                        JAI-2013-001, JINR-E9-2013-35, JLAB-R-2013-01,
                        KEK-REPORT-2013-1, KNU-CHEP-ILC-2013-1, LLNL-TR-635539,
                        SLAC-R-1004, ILC-HIGRADE-REPORT-2013-003",
      SLACcitation   = "%%CITATION = ARXIV:1306.6327;%%"
}
@article{bib:steinberger,
	author        = "Steinberger, Jack",
	title         = "{A brief history of the running of $R_{b}$}",
	number        = "CERN-OPEN-97-013. CERN-ALEPH-PUB-97-005",
	pages         = "10 p",
	month         = "May",
	year          = "1997",
	reportNumber  = "CERN-OPEN-97-013",
	url           = "http://cds.cern.ch/record/326438",
}
@article{bib:HiggsCms,
	author         = "Chatrchyan, Serguei and others",
	title          = "{Observation of a new boson at a mass of 125 GeV with the
	CMS experiment at the LHC}",
	collaboration  = "CMS",
	journal        = "Phys. Lett.",
	volume         = "B716",
	year           = "2012",
	pages          = "30-61",
	doi            = "10.1016/j.physletb.2012.08.021",
	eprint         = "1207.7235",
	archivePrefix  = "arXiv",
	primaryClass   = "hep-ex",
	reportNumber   = "CMS-HIG-12-028, CERN-PH-EP-2012-220",
	SLACcitation   = "%%CITATION = ARXIV:1207.7235;%%"
}
@article{bib:HiggsAtlas,
	author         = "Aad, Georges and others",
	title          = "{Observation of a new particle in the search for the
	Standard Model Higgs boson with the ATLAS detector at the
	LHC}",
	collaboration  = "ATLAS",
	journal        = "Phys. Lett.",
	volume         = "B716",
	year           = "2012",
	pages          = "1-29",
	doi            = "10.1016/j.physletb.2012.08.020",
	eprint         = "1207.7214",
	archivePrefix  = "arXiv",
	primaryClass   = "hep-ex",
	reportNumber   = "CERN-PH-EP-2012-218",
	SLACcitation   = "%%CITATION = ARXIV:1207.7214;%%"
}

@article{bib:HiggsAtlas2,
	author         = "Aad, Georges and others",
	title          = "{Measurements of Higgs boson production and couplings in
	the four-lepton channel in pp collisions at center-of-mass
	energies of 7 and 8 TeV with the ATLAS detector}",
	collaboration  = "ATLAS",
	journal        = "Phys. Rev.",
	volume         = "D91",
	year           = "2015",
	number         = "1",
	pages          = "012006",
	doi            = "10.1103/PhysRevD.91.012006",
	eprint         = "1408.5191",
	archivePrefix  = "arXiv",
	primaryClass   = "hep-ex",
	reportNumber   = "CERN-PH-EP-2014-170",
	SLACcitation   = "%%CITATION = ARXIV:1408.5191;%%"
}

@article{bib:HiggsCms2,
	author         = "Khachatryan, Vardan and others",
	title          = "{Measurement of differential cross sections for Higgs
	boson production in the diphoton decay channel in pp
	collisions at $\sqrt{s}=8\,\text {TeV} $}",
	collaboration  = "CMS",
	journal        = "Eur. Phys. J.",
	volume         = "C76",
	year           = "2016",
	number         = "1",
	pages          = "13",
	doi            = "10.1140/epjc/s10052-015-3853-3",
	eprint         = "1508.07819",
	archivePrefix  = "arXiv",
	primaryClass   = "hep-ex",
	reportNumber   = "CMS-HIG-14-016, CERN-PH-EP-2015-195",
	SLACcitation   = "%%CITATION = ARXIV:1508.07819;%%"
}

@article{bib:HiggsLhc2,
	author         = "Aad, Georges and others",
	title          = "{Measurements of the Higgs boson production and decay
	rates and constraints on its couplings from a combined
	ATLAS and CMS analysis of the LHC pp collision data at $
	\sqrt{s}=7 $ and 8 TeV}",
	collaboration  = "ATLAS, CMS",
	journal        = "JHEP",
	volume         = "08",
	year           = "2016",
	pages          = "045",
	doi            = "10.1007/JHEP08(2016)045",
	eprint         = "1606.02266",
	archivePrefix  = "arXiv",
	primaryClass   = "hep-ex",
	reportNumber   = "CERN-EP-2016-100, ATLAS-HIGG-2015-07, CMS-HIG-15-002",
	SLACcitation   = "%%CITATION = ARXIV:1606.02266;%%"
}

@article{bib:alpha_s,
	author         = "Bethke, Siegfried",
	title          = "{The 2009 World Average of alpha(s)}",
	journal        = "Eur. Phys. J.",
	volume         = "C64",
	year           = "2009",
	pages          = "689-703",
	doi            = "10.1140/epjc/s10052-009-1173-1",
	eprint         = "0908.1135",
	archivePrefix  = "arXiv",
	primaryClass   = "hep-ph",
	SLACcitation   = "%%CITATION = ARXIV:0908.1135;%%"
}

@article{bib:Lumi,
	author={C Rimbault and P Bambade and K Mönig and D Schulte},
	title={Impact of beam-beam effects on precision luminosity measurements at the ILC},
	journal={Journal of Instrumentation},
	volume={2},
	number={09},
	pages={P09001},
	url={http://stacks.iop.org/1748-0221/2/i=09/a=P09001},
	year={2007},
	abstract={In this paper, the impact of beam-beam effects on the precision luminosity measurement at the International Linear Collider is investigated quantitatively for the first time. GUINEA-PIG, a beam-beam interaction simulation tool, is adapted to treat the space charge effects affecting the Bhabha events used in this measurement. The biases due to the resulting changes in kinematics are evaluated for different center-of-mass energies and beam parameters.}
}


@article{bib:Higgs_top,
	author         = "Buttazzo, Dario and Degrassi, Giuseppe and Giardino, Pier
	Paolo and Giudice, Gian F. and Sala, Filippo and Salvio,
	Alberto and Strumia, Alessandro",
	title          = "{Investigating the near-criticality of the Higgs boson}",
	journal        = "JHEP",
	volume         = "12",
	year           = "2013",
	pages          = "089",
	doi            = "10.1007/JHEP12(2013)089",
	eprint         = "1307.3536",
	archivePrefix  = "arXiv",
	primaryClass   = "hep-ph",
	reportNumber   = "CERN-PH-TH-2013-166, FTUAM-13-20, IFT-UAM-CSIC-13-081,
	IFUP-TH",
	SLACcitation   = "%%CITATION = ARXIV:1307.3536;%%"
}


@article{bib:AfbSMFit,
	author         = "Baak, M. and Cúth, J. and Haller, J. and Hoecker, A. and
	Kogler, R. and Mönig, K. and Schott, M. and Stelzer, J.",
	title          = "{The global electroweak fit at NNLO and prospects for the
	LHC and ILC}",
	collaboration  = "Gfitter Group",
	journal        = "Eur. Phys. J.",
	volume         = "C74",
	year           = "2014",
	pages          = "3046",
	doi            = "10.1140/epjc/s10052-014-3046-5",
	eprint         = "1407.3792",
	archivePrefix  = "arXiv",
	primaryClass   = "hep-ph",
	reportNumber   = "DESY-14-124",
	SLACcitation   = "%%CITATION = ARXIV:1407.3792;%%"
}

@misc{bib:PDGprop,
	author = "PDG Data Group",
	title = "http://pdg.lbl.gov/2016/AtomicNuclearProperties/"
	
}

@inproceedings{bib:LumiUp,
	author         = "Harrison, Mike and Ross, Marc and Walker, Nicholas",
	title          = "{Luminosity Upgrades for ILC}",
	booktitle      = "{Proceedings, 2013 Community Summer Study on the Future
	of U.S. Particle Physics: Snowmass on the Mississippi
	(CSS2013): Minneapolis, MN, USA, July 29-August 6, 2013}",
	url            = "https://inspirehep.net/record/1249807/files/arXiv:1308.3726.pdf",
	year           = "2013",
	eprint         = "1308.3726",
	archivePrefix  = "arXiv",
	primaryClass   = "physics.acc-ph",
	SLACcitation   = "%%CITATION = ARXIV:1308.3726;%%"
}

@article{bib:Schmidt,
	author         = "Schmidt, Carl R.",
	title          = "{Top quark production and decay at next-to-leading order
	in e+ e- annihilation}",
	journal        = "Phys. Rev.",
	volume         = "D54",
	year           = "1996",
	pages          = "3250-3265",
	doi            = "10.1103/PhysRevD.54.3250",
	eprint         = "hep-ph/9504434",
	archivePrefix  = "arXiv",
	primaryClass   = "hep-ph",
	reportNumber   = "SCIPP-95-14",
	SLACcitation   = "%%CITATION = HEP-PH/9504434;%%"
}

@article{bib:TeVAfb,
	author         = "Aaltonen, Timo Antero and others",
	title          = "{Measurement of the forward–backward asymmetry of
	top-quark and antiquark pairs using the full CDF Run II
	data set}",
	collaboration  = "CDF",
	journal        = "Phys. Rev.",
	volume         = "D93",
	year           = "2016",
	number         = "11",
	pages          = "112005",
	doi            = "10.1103/PhysRevD.93.112005",
	eprint         = "1602.09015",
	archivePrefix  = "arXiv",
	primaryClass   = "hep-ex",
	reportNumber   = "FERMILAB-PUB-16-045-E",
	SLACcitation   = "%%CITATION = ARXIV:1602.09015;%%"
}

@phdthesis{amjad:tel-00949818,
	TITLE = {{Forward-Backward asymmetry in top pair production at the ILC}},
	AUTHOR = {Amjad, Muhammad Sohail},
	URL = {https://tel.archives-ouvertes.fr/tel-00949818},
	NUMBER = {2014PA112021},
	SCHOOL = {{Universit{\'e} Paris Sud - Paris XI}},
	YEAR = {2014},
	MONTH = Feb,
	KEYWORDS = {Guard ring ; Forward-backward ; Electroweak couplings ; Asymmetry ; Anneau de garde ; Couplage {\'e}lectrofaible ; Avant-arri{\`e}re ; ECAL ; Top ; Asym{\'e}trie ; ILD ; ILC},
	TYPE = {Theses},
	PDF = {https://tel.archives-ouvertes.fr/tel-00949818/file/VD2_AMJAD_MUHAMMAD_SOHAIL_04022014.pdf},
	HAL_ID = {tel-00949818},
	HAL_VERSION = {v1},
}

@inproceedings{bib:TeVstop,
	author         = "Schwienhorst, R. and CDF, on behalf of the",
	title          = "{Summary of Single top quark production at the Tevatron}",
	booktitle      = "{Proceedings,  49th Rencontres de Moriond on Electroweak
	Interactions and Unified Theories: La Thuile, Italy, March
	15-22, 2014}",
	collaboration  = "CDF, D0",
	year           = "2014",
	url            = "https://inspirehep.net/record/1295686/files/arXiv:1405.2732.pdf",
	pages          = "239-244",
	eprint         = "1405.2732",
	archivePrefix  = "arXiv",
	primaryClass   = "hep-ex",
	reportNumber   = "FERMILAB-CONF-14-559-E",
	SLACcitation   = "%%CITATION = ARXIV:1405.2732;%%"
}

@article{bib:LEPTOP,
	author         = "Matsumoto, S.",
	title          = "{Constraints on the electroweak universal parameters and
	the top and Higgs masses from updated LEP / SLC data}",
	journal        = "Mod. Phys. Lett.",
	volume         = "A10",
	year           = "1995",
	pages          = "2553-2570",
	doi            = "10.1142/S0217732395002696",
	eprint         = "hep-ph/9411388",
	archivePrefix  = "arXiv",
	primaryClass   = "hep-ph",
	reportNumber   = "KEK-TH-418, KEK-PREPRINT-94-147, KANAZAWA-94-24A",
	SLACcitation   = "%%CITATION = HEP-PH/9411388;%%"
}

@inproceedings{bib:Han,
	author         = "Han, Tao",
	title          = "{Collider phenomenology: Basic knowledge and techniques}",
	booktitle      = "{Physics in D >= 4. Proceedings, Theoretical Advanced
	Study Institute in elementary particle physics, TASI 2004,
	Boulder, USA, June 6-July 2, 2004}",
	year           = "2005",
	pages          = "407-454",
	eprint         = "hep-ph/0508097",
	archivePrefix  = "arXiv",
	primaryClass   = "hep-ph",
	reportNumber   = "MADPH-05-1434",
	SLACcitation   = "%%CITATION = HEP-PH/0508097;%%"
}

@article{bib:CMSttz2014,
	author         = "Khachatryan, Vardan and others",
	title          = "{Measurement of top quark-antiquark pair production in
	association with a W or Z boson in pp collisions at
	$\sqrt{s} = 8$ $\,\text {TeV}$}",
	collaboration  = "CMS",
	journal        = "Eur. Phys. J.",
	volume         = "C74",
	year           = "2014",
	number         = "9",
	pages          = "3060",
	doi            = "10.1140/epjc/s10052-014-3060-7",
	eprint         = "1406.7830",
	archivePrefix  = "arXiv",
	primaryClass   = "hep-ex",
	reportNumber   = "CMS-TOP-12-036, CERN-PH-EP-2014-136",
	SLACcitation   = "%%CITATION = ARXIV:1406.7830;%%"
}

@article{bib:ILCTOP,
	author         = "Amjad, M. S. and others",
	title          = "{A precise characterisation of the top quark electro-weak
	vertices at the ILC}",
	journal        = "Eur. Phys. J.",
	volume         = "C75",
	year           = "2015",
	number         = "10",
	pages          = "512",
	doi            = "10.1140/epjc/s10052-015-3746-5",
	eprint         = "1505.06020",
	archivePrefix  = "arXiv",
	primaryClass   = "hep-ex",
	reportNumber   = "IFIC-15-15, LAL-15-111",
	SLACcitation   = "%%CITATION = ARXIV:1505.06020;%%"
}

@article{bib:RSTOP,
	author         = "Djouadi, Abdelhak and Moreau, Gregory and Richard,
	Francois",
	title          = "{Resolving the A(FB)**b puzzle in an extra dimensional
	model with an extended gauge structure}",
	journal        = "Nucl. Phys.",
	volume         = "B773",
	year           = "2007",
	pages          = "43-64",
	doi            = "10.1016/j.nuclphysb.2007.03.019",
	eprint         = "hep-ph/0610173",
	archivePrefix  = "arXiv",
	primaryClass   = "hep-ph",
	reportNumber   = "LPT-ORSAY-06-060, LAL-ORSAY-06-144",
	SLACcitation   = "%%CITATION = HEP-PH/0610173;%%"
}

@misc{bib:LCIOtrack,
	author = "Thomas Kraemer",
	title = "http://www-flc.desy.de/lcnotes/notes/LC-DET-2006-004.pdf"
	
}

@article{bib:PDG,
	author         = "Patrignani, C. and others",
	title          = "{Review of Particle Physics}",
	collaboration  = "Particle Data Group",
	journal        = "Chin. Phys.",
	volume         = "C40",
	year           = "2016",
	number         = "10",
	pages          = "100001",
	doi            = "10.1088/1674-1137/40/10/100001",
	SLACcitation   = "%%CITATION = CHPHD,C40,100001;%%"
}

@article{bib:LCFI,
	author         = "Suehara, Taikan and Tanabe, Tomohiko",
	title          = "{LCFIPlus: A Framework for Jet Analysis in Linear
	Collider Studies}",
	journal        = "Nucl. Instrum. Meth.",
	volume         = "A808",
	year           = "2016",
	pages          = "109-116",
	doi            = "10.1016/j.nima.2015.11.054",
	eprint         = "1506.08371",
	archivePrefix  = "arXiv",
	primaryClass   = "physics.ins-det",
	SLACcitation   = "%%CITATION = ARXIV:1506.08371;%%"
}

@inproceedings{bib:SLC,
	author         = "Rowson, P. C.",
	title          = "{Precision electroweak measurements at the SLC: Overview
	and perspective}",
	booktitle      = "{Weak interactions and neutrinos. Proceedings, 17th
	International Workshop, WIN'99, Cape Town, South Africa,
	January 24-30, 1999}",
	url            = "http://www-public.slac.stanford.edu/sciDoc/docMeta.aspx?slacPubNumber=SLAC-PUB-8132",
	year           = "1999",
	pages          = "82-86",
	eprint         = "hep-ex/9904016",
	archivePrefix  = "arXiv",
	primaryClass   = "hep-ex",
	reportNumber   = "SLAC-PUB-8132",
	SLACcitation   = "%%CITATION = HEP-EX/9904016;%%"
}

@misc{bib:HARP,
	author = "V. Ammosov et al.",
	title = "http://harp-cdp.web.cern.ch/harp-cdp/dEdx.pdf"
	
}

@article{bib:TopMass,
	title          = "{First combination of Tevatron and LHC measurements of
	the top-quark mass}",
	collaboration  = "ATLAS, CDF, CMS, D0",
	year           = "2014",
	eprint         = "1403.4427",
	archivePrefix  = "arXiv",
	primaryClass   = "hep-ex",
	reportNumber   = "ATLAS-CONF-2014-008, CDF-NOTE-11071, CMS-PAS-TOP-13-014,
	D0-NOTE-6416, FERMILAB-TM-2582-E",
	SLACcitation   = "%%CITATION = ARXIV:1403.4427;%%"
}

@phdthesis{bib:Doublet,
	TITLE = {{Hadrons in a highly granular SiW ECAL -- Top quark production at the ILC}},
	AUTHOR = {Doublet, Philippe},
	URL = {https://tel.archives-ouvertes.fr/tel-00657967},
	NUMBER = {2011PA112198},
	SCHOOL = {{Universit{\'e} Paris Sud - Paris XI}},
	YEAR = {2011},
	MONTH = Oct,
	KEYWORDS = {Asymmetry ; Top quark ;  ILD ; CALICE ; SiW ECAL ; Hadrons ; Quark top ; Asym{\'e}trie ; ILC ; ILD},
	TYPE = {Theses},
	PDF = {https://tel.archives-ouvertes.fr/tel-00657967/file/VA_DOUBLET_PHILIPPE_03102011.pdf},
	HAL_ID = {tel-00657967},
	HAL_VERSION = {v1},
}
@inproceedings{Naranjo:2017etb,
	author         = "Naranjo, Roger",
	title          = "{Measurements of the charge asymmetry in top-quark pair
	production in the dilepton final state at $\sqrt{s}=8$ TeV
	with the ATLAS detector}",
	booktitle      = "{Proceedings, 9th International Workshop on Top Quark
	Physics (TOP 2016): Olomouc, Czech Republic, September
	19-23, 2016}",
	collaboration  = "ATLAS",
	url            = "https://inspirehep.net/record/1507889/files/arXiv:1701.01275.pdf",
	year           = "2017",
	eprint         = "1701.01275",
	archivePrefix  = "arXiv",
	primaryClass   = "hep-ex",
	SLACcitation   = "%%CITATION = ARXIV:1701.01275;%%"
}

@article{bib:H20,
	author         = "Barklow, T. and Brau, J. and Fujii, K. and Gao, J. and
	List, J. and Walker, N. and Yokoya, K.",
	title          = "{ILC Operating Scenarios}",
	year           = "2015",
	eprint         = "1506.07830",
	archivePrefix  = "arXiv",
	primaryClass   = "hep-ex",
	reportNumber   = "ILC-NOTE-2015-068, DESY-15-102, IHEP-AC-2015-002,
	KEK-PREPRINT --2015-17, SLAC-PUB-16309",
	SLACcitation   = "%%CITATION = ARXIV:1506.07830;%%"
}

@phdthesis{bib:Jeremy,
	TITLE = {{A Highly Granular Silicon-Tungsten Electromagnetic Calorimeter and Top Quark Production at the International Linear Collider}},
	AUTHOR = {Rou{\"e}n{\'e}, J{\'e}r{\'e}my},
	URL = {https://tel.archives-ouvertes.fr/tel-01062136},
	NUMBER = {2014PA112126},
	SCHOOL = {{Universit{\'e} Paris Sud - Paris XI}},
	YEAR = {2014},
	MONTH = Jun,
	KEYWORDS = {Particles physics ; Calorimeter ; Calorim{\`e}tre ; Physique des particules ; Quark top ; ILC ; CALICE},
	TYPE = {Theses},
	PDF = {https://tel.archives-ouvertes.fr/tel-01062136/file/VD2_ROUENE_JEREMY_30062014.pdf},
	HAL_ID = {tel-01062136},
	HAL_VERSION = {v1},
}

%% This BibTeX bibliography file was created using BibDesk.
%% http://bibdesk.sourceforge.net/


%% Created for Roman Poeschl at 2016-02-08 19:39:48 +0100 


%% Saved with string encoding Unicode (UTF-8) 



@inproceedings{MoradeFreitas:2002kj,
	Author = {Mora de Freitas, P. and Videau, H.},
	Booktitle = {{Linear colliders. Proceedings, International Workshop on physics and experiments with future electron-positron linear colliders, LCWS 2002, Seogwipo, Jeju Island, Korea, August 26-30, 2002}},
	Date-Added = {2016-02-08 18:37:19 +0000},
	Date-Modified = {2016-02-08 18:37:19 +0000},
	Pages = {623-627},
	Reportnumber = {LC-TOOL-2003-010},
	Slaccitation = {%%CITATION = LC-TOOL-2003-010;%%},
	Title = {{Detector simulation with MOKKA / GEANT4: Present and future}},
	Url = {http://www-library.desy.de/cgi-bin/showprep.pl?lc-tool03-010},
	Year = {2002},
	Bdsk-Url-1 = {http://www-library.desy.de/cgi-bin/showprep.pl?lc-tool03-010}}

@article{Amjad:2014tha,
	Author = {Amjad, M. S. and others},
	Date-Added = {2016-02-01 11:06:42 +0000},
	Date-Modified = {2016-02-01 11:06:42 +0000},
	Doi = {10.1016/j.nima.2014.12.011},
	Journal = {Nucl. Instrum. Meth.},
	Pages = {78-84},
	Slaccitation = {%%CITATION = NUIMA,A778,78;%%},
	Title = {{Beam test performance of the SKIROC2 ASIC}},
	Volume = {A778},
	Year = {2015},
	Bdsk-Url-1 = {http://dx.doi.org/10.1016/j.nima.2014.12.011}}

@article{Allison:2006ve,
	Author = {Allison, John and others},
	Date-Added = {2016-01-29 15:28:54 +0000},
	Date-Modified = {2016-01-29 15:29:41 +0000},
	Doi = {10.1109/TNS.2006.869826},
	Journal = {IEEE Trans. Nucl. Sci.},
	Pages = {270},
	Reportnumber = {SLAC-PUB-11870},
	Slaccitation = {%%CITATION = IETNA,53,270;%%},
	Title = {{Geant4 developments and applications}},
	Url = {http://geant4.web.cern.ch/geant4},
	Volume = {53},
	Year = {2006},
	Bdsk-Url-1 = {http://dx.doi.org/10.1109/TNS.2006.869826}}

@article{bib:can-047,
	Collaboration = {CALICE},
	Date-Added = {2016-01-21 16:52:36 +0000},
	Date-Modified = {2016-02-08 18:39:47 +0000},
	Journal = {CALICE Analysis Note CAN-047},
	Title = {{Tracking within Hadronic Showers in the SDHCAL prototype using Hough Transform Technique}},
	Url = {https://twiki.cern.ch/twiki/pub/CALICE/CaliceAnalysisNotes/CAN-047.pdf},
	Bdsk-Url-1 = {https://twiki.cern.ch/twiki/pub/CALICE/CaliceAnalysisNotes/CAN-047.pdf}}

@article{Adloff:2013vra,
	Archiveprefix = {arXiv},
	Author = {Adloff, C. and others},
	Collaboration = {CALICE},
	Date-Added = {2016-01-20 16:44:11 +0000},
	Date-Modified = {2016-01-20 16:44:11 +0000},
	Doi = {10.1088/1748-0221/8/09/P09001},
	Eprint = {1305.7027},
	Journal = {JINST},
	Pages = {P09001},
	Primaryclass = {physics.ins-det},
	Reportnumber = {MPP-2013-143},
	Slaccitation = {%%CITATION = ARXIV:1305.7027;%%},
	Title = {{Track segments in hadronic showers in a highly granular scintillator-steel hadron calorimeter}},
	Volume = {8},
	Year = {2013},
	Bdsk-Url-1 = {http://dx.doi.org/10.1088/1748-0221/8/09/P09001}}

@phdthesis{doublet:tel-00657967,
	Author = {Doublet, Philippe},
	Date-Added = {2016-01-20 16:31:05 +0000},
	Date-Modified = {2016-01-20 16:31:05 +0000},
	Hal_Id = {tel-00657967},
	Hal_Version = {v1},
	Keywords = {ILC ; ILD ; CALICE ; SiW ECAL ; Hadrons ; Top quark ; Asymmetry ; ILD ; Quark top ; Asym{\'e}trie},
	Month = Oct,
	Number = {2011PA112198},
	Pdf = {https://tel.archives-ouvertes.fr/tel-00657967/file/VA_DOUBLET_PHILIPPE_03102011.pdf},
	School = {{Universit{\'e} Paris Sud - Paris XI}},
	Title = {{Hadrons in a highly granular SiW ECAL -- Top quark production at the ILC}},
	Type = {Theses},
	Url = {https://tel.archives-ouvertes.fr/tel-00657967},
	Year = {2011},
	Bdsk-Url-1 = {https://tel.archives-ouvertes.fr/tel-00657967}}

@phdthesis{li:tel-00430432,
	Author = {Li, H.},
	Date-Added = {2016-01-20 16:29:28 +0000},
	Date-Modified = {2016-01-20 16:29:28 +0000},
	Hal_Id = {tel-00430432},
	Hal_Local_Reference = {LAL 09-118},
	Hal_Version = {v1},
	Keywords = {ILC ; ILD ; CALICE ; SiW ECAL ; MIP Calibration ; Higgs ; Higgs-strahlung Higgs Recoil Mass ; Cross Section},
	Month = Oct,
	Pdf = {https://tel.archives-ouvertes.fr/tel-00430432/file/Li.pdf},
	School = {{Universit{\'e} Paris Sud - Paris XI}},
	Title = {{Higgs Recoil Mass and Cross-Section Analysis at ILC AND Calibration of the CALICE SiW ECAL Prototype}},
	Type = {Theses},
	Url = {https://tel.archives-ouvertes.fr/tel-00430432},
	Year = {2009},
	Bdsk-Url-1 = {https://tel.archives-ouvertes.fr/tel-00430432}}

@article{bib:G4pl,
	Author = {{GEANT4 Collaboration}},
	Date-Added = {2016-01-20 16:24:00 +0000},
	Date-Modified = {2016-01-20 16:24:56 +0000},
	Title = {Reference Physics Lists},
	Url = {http://geant4.cern.ch/support/proc_mod_catalog/physics\_lists/referencePL.shtml},
	Bdsk-Url-1 = {http://geant4.cern.ch/support/proc_mod_catalog/physics%5C_lists/referencePL.shtml}}

@article{CALICE:2012aa,
	Archiveprefix = {arXiv},
	Collaboration = {CALICE},
	Date-Added = {2016-01-20 16:23:11 +0000},
	Date-Modified = {2016-01-20 16:23:11 +0000},
	Doi = {10.1088/1748-0221/7/04/P04015},
	Eprint = {1201.1653},
	Journal = {JINST},
	Pages = {P04015},
	Primaryclass = {physics.ins-det},
	Slaccitation = {%%CITATION = ARXIV:1201.1653;%%},
	Title = {{Construction and performance of a silicon photomultiplier/extruded scintillator tail-catcher and muon-tracker}},
	Volume = {7},
	Year = {2012},
	Bdsk-Url-1 = {http://dx.doi.org/10.1088/1748-0221/7/04/P04015}}

@article{collaboration:2010hb,
	Archiveprefix = {arXiv},
	Author = {Adloff, C. and others},
	Collaboration = {CALICE},
	Date-Added = {2016-01-20 16:19:54 +0000},
	Date-Modified = {2016-01-20 16:19:54 +0000},
	Doi = {10.1088/1748-0221/5/05/P05004},
	Eprint = {1003.2662},
	Journal = {JINST},
	Pages = {P05004},
	Primaryclass = {physics.ins-det},
	Reportnumber = {DESY-10-032},
	Slaccitation = {%%CITATION = ARXIV:1003.2662;%%},
	Title = {{Construction and Commissioning of the CALICE Analog Hadron Calorimeter Prototype}},
	Volume = {5},
	Year = {2010},
	Bdsk-Url-1 = {http://dx.doi.org/10.1088/1748-0221/5/05/P05004}}

@article{Bilki:2014uep,
	Archiveprefix = {arXiv},
	Author = {Bilki, B. and others},
	Collaboration = {CALICE},
	Date-Added = {2016-01-20 15:43:27 +0000},
	Date-Modified = {2016-01-20 15:43:27 +0000},
	Doi = {10.1016/j.nima.2015.05.009},
	Eprint = {1411.7215},
	Journal = {Nucl. Instrum. Meth.},
	Pages = {240-254},
	Primaryclass = {physics.ins-det},
	Slaccitation = {%%CITATION = ARXIV:1411.7215;%%},
	Title = {{Testing hadronic interaction models using a highly granular silicon--tungsten calorimeter}},
	Volume = {A794},
	Year = {2015},
	Bdsk-Url-1 = {http://dx.doi.org/10.1016/j.nima.2015.05.009}}

@article{seidel2011,
	Author = {Seidel, Katja},
	Date-Added = {2016-01-09 21:28:30 +0000},
	Date-Modified = {2016-01-09 21:29:58 +0000},
	Title = {{Si-W-Ecal treatment for HCAL only analysis and development of event selection processors}},
	Url = {http://agenda.linearcollider.org/event/4932/session/1/material/slides/0?contribId=11},
	Bdsk-Url-1 = {http://agenda.linearcollider.org/event/4932/session/1/material/slides/0?contribId=11}}

@article{moroz2011,
	Author = {Morozov, Sergey and Lu, Shaojun},
	Date-Added = {2016-01-09 21:25:42 +0000},
	Date-Modified = {2016-01-09 21:26:41 +0000},
	Title = {{Private communication}}}

@inproceedings{bib:arbor-chef13,
	Author = {Ruan, M.},
	Booktitle = {proceedings of {Calorimetry for the High Energy Frontier - CHEF 2013}},
	Date-Added = {2014-06-29 15:20:54 +0000},
	Date-Modified = {2014-06-29 15:20:54 +0000},
	Title = {{Arbor: a new approach to the Particle Flow Algorithm}},
	Year = {2013}}

@article{cms:schroe-calor14,
	Author = {Mathias Schr\"oder},
	Date-Added = {2014-06-29 15:16:02 +0000},
	Date-Modified = {2014-06-29 15:17:37 +0000},
	Journal = {{Proceedings of CALOR14}},
	Title = {{Performance of Jets in CMS}},
	Year = {2014}}

@article{CMS-DP-2012-012,
	Collaboration = {CMS Collaboration},
	Date-Added = {2014-06-29 15:15:24 +0000},
	Date-Modified = {2014-06-29 15:15:24 +0000},
	Month = {Jul},
	Title = {{Jet Energy Corrections and Uncertainties. Detector Performance Plots for 2012.}},
	Year = {2012}}

@article{CMS:2009nxa,
	Author = {{CMS Coll.}},
	Collaboration = {CMS Collaboration},
	Date-Added = {2014-06-29 15:01:00 +0000},
	Date-Modified = {2014-06-29 15:01:00 +0000},
	Reportnumber = {CMS-PAS-PFT-09-001},
	Slaccitation = {%%CITATION = CMS-PAS-PFT-09-001 ETC.;%%},
	Title = {{Particle-Flow Event Reconstruction in CMS and Performance for Jets, Taus, and MET}},
	Year = {2009}}

@article{Linssen:2012hp,
	Archiveprefix = {arXiv},
	Author = {Linssen, Lucie and Miyamoto, Akiya and Stanitzki, Marcel and Weerts, Harry and Feldman, Daniel J.},
	Date-Added = {2014-06-29 14:57:03 +0000},
	Date-Modified = {2014-06-29 14:57:03 +0000},
	Eprint = {1202.5940},
	Primaryclass = {physics.ins-det},
	Reportnumber = {CERN-2012-003, ANL-HEP-TR-12-01, DESY-12-008, KEK-REPORT-2011-7},
	Slaccitation = {%%CITATION = ARXIV:1202.5940;%%},
	Title = {{Physics and Detectors at CLIC: CLIC Conceptual Design Report}},
	Year = {2012}}

@article{Behnke:2013lya,
	Archiveprefix = {arXiv},
	Author = {Behnke, Ties and Brau, James E. and Burrows, Philip N. and Fuster, Juan and Peskin, Michael and others},
	Date-Added = {2014-06-29 14:56:19 +0000},
	Date-Modified = {2014-06-29 14:56:19 +0000},
	Editor = {Behnke, Ties},
	Eprint = {1306.6329},
	Primaryclass = {physics.ins-det},
	Reportnumber = {ILC-REPORT-2013-040, ANL-HEP-TR-13-20, BNL-100603-2013-IR, IRFU-13-59, CERN-ATS-2013-037, COCKCROFT-13-10, CLNS-13-2085, DESY-13-062, FERMILAB-TM-2554, IHEP-AC-ILC-2013-001, INFN-13-04-LNF, JAI-2013-001, JINR-E9-2013-35, JLAB-R-2013-01, KEK-REPORT-2013-1, KNU-CHEP-ILC-2013-1, LLNL-TR-635539, SLAC-R-1004, ILC-HIGRADE-REPORT-2013-003},
	Slaccitation = {%%CITATION = ARXIV:1306.6329;%%},
	Title = {{The International Linear Collider Technical Design Report - Volume 4: Detectors}},
	Year = {2013}}

@article{Thomson:2009rp,
	Archiveprefix = {arXiv},
	Author = {Thomson, M.A.},
	Date-Added = {2014-06-29 14:54:57 +0000},
	Date-Modified = {2014-06-29 14:54:57 +0000},
	Doi = {10.1016/j.nima.2009.09.009},
	Eprint = {0907.3577},
	Journal = {Nucl.Instrum.Meth.},
	Pages = {25-40},
	Primaryclass = {physics.ins-det},
	Reportnumber = {CU-HEP-09-11},
	Slaccitation = {%%CITATION = ARXIV:0907.3577;%%},
	Title = {{Particle Flow Calorimetry and the PandoraPFA Algorithm}},
	Volume = {A611},
	Year = {2009},
	Bdsk-Url-1 = {http://dx.doi.org/10.1016/j.nima.2009.09.009}}

@article{Brient:2002gh,
	Archiveprefix = {arXiv},
	Author = {Brient, Jean-Claude and Videau, Henri},
	Date-Added = {2014-06-29 14:53:34 +0000},
	Date-Modified = {2014-06-29 14:53:34 +0000},
	Eprint = {hep-ex/0202004},
	Journal = {eConf},
	Pages = {E3047},
	Primaryclass = {hep-ex},
	Reportnumber = {SNOWMASS-2001-E3047},
	Slaccitation = {%%CITATION = HEP-EX/0202004;%%},
	Title = {{The Calorimetry at the future e+ e- linear collider}},
	Volume = {C010630},
	Year = {2001}}

@article{ecaltdr:2009,
	Author = {Sicho, P. and others},
	Date-Added = {2014-06-16 13:13:06 +0000},
	Date-Modified = {2014-06-16 13:53:13 +0000},
	Journal = {EUDET Report},
	Title = {{A large scale prototype for a SiW electromagnetic calorimeter for a future linear co}llider - EUDET Module},
	Url = {http://www.eudet.org/e26/e28/e86887/e104848/EUDET-Memo-2010-17.pdf},
	Year = {2009},
	Bdsk-Url-1 = {http://www.eudet.org/e26/e28/e86887/e104848/EUDET-Memo-2010-17.pdf}}

@article{Anduze:2008hq,
	Archiveprefix = {arXiv},
	Author = {Repond, J. and others},
	Collaboration = {CALICE },
	Date-Added = {2014-06-16 12:59:43 +0000},
	Date-Modified = {2016-02-08 18:29:23 +0000},
	Doi = {10.1088/1748-0221/3/08/P08001},
	Eprint = {0805.4833},
	Journal = {JINST},
	Pages = {P08001},
	Primaryclass = {physics.ins-det},
	Slaccitation = {%%CITATION = ARXIV:0805.4833;%%},
	Title = {{Design and Electronics Commissioning of the Physics Prototype of a Si-W Electromagnetic Calorimeter for the International Linear Collider}},
	Volume = {3},
	Year = {2008},
	Bdsk-Url-1 = {http://dx.doi.org/10.1088/1748-0221/3/08/P08001}}

@article{Adloff:2008aa,
	Archiveprefix = {arXiv},
	Author = {Adloff, C. and others},
	Collaboration = {CALICE Collaboration},
	Date-Added = {2014-06-16 12:59:21 +0000},
	Date-Modified = {2014-06-16 12:59:21 +0000},
	Doi = {10.1088/1742-6596/160/1/012065},
	Eprint = {0811.2354},
	Journal = {J.Phys.Conf.Ser.},
	Pages = {012065},
	Primaryclass = {physics.ins-det},
	Slaccitation = {%%CITATION = ARXIV:0811.2354;%%},
	Title = {{Response of the CALICE Si-W Electromagnetic Calorimeter Physics Prototype to Electrons}},
	Volume = {160},
	Year = {2009},
	Bdsk-Url-1 = {http://dx.doi.org/10.1088/1742-6596/160/1/012065}}

@article{Adloff:2010xj,
	Archiveprefix = {arXiv},
	Author = {Adloff, C. and Karyotakis, Y. and Repond, J. and Yu, J. and Eigen, G. and others},
	Collaboration = {CALICE Collaboration},
	Date-Added = {2014-06-16 12:59:14 +0000},
	Date-Modified = {2014-06-16 12:59:14 +0000},
	Doi = {10.1088/1748-0221/5/05/P05007},
	Eprint = {1004.4996},
	Journal = {JINST},
	Pages = {P05007},
	Primaryclass = {physics.ins-det},
	Slaccitation = {%%CITATION = ARXIV:1004.4996;%%},
	Title = {{Study of the interactions of pions in the CALICE silicon-tungsten calorimeter prototype}},
	Volume = {5},
	Year = {2010},
	Bdsk-Url-1 = {http://dx.doi.org/10.1088/1748-0221/5/05/P05007}}

@article{Cornat:2009zz,
	Author = {Cornat, Remi},
	Collaboration = {CALICE Collaboration},
	Date-Added = {2014-06-16 12:58:46 +0000},
	Date-Modified = {2014-06-16 12:58:46 +0000},
	Doi = {10.1088/1742-6596/160/1/012067},
	Journal = {J.Phys.Conf.Ser.},
	Pages = {012067},
	Slaccitation = {%%CITATION = 00462,160,012067;%%},
	Title = {{Semiconductor sensors for the CALICE SiW EMC and study of the cross-talk between guard rings and pixels in the CALICE SiW prototype}},
	Volume = {160},
	Year = {2009},
	Bdsk-Url-1 = {http://dx.doi.org/10.1088/1742-6596/160/1/012067}}

@article{bib:these-rouene,
	Author = {Rou\"en\'e, J.},
	Date-Added = {2014-06-10 16:56:02 +0000},
	Date-Modified = {2014-06-10 16:56:02 +0000},
	Journal = {LAL 14-xx},
	Title = {{Calorim\`etre \'electromagn\'etique silicium-tungst\`ene hautement granulaire - Production du quark top \`a l'International Linear Collider}},
	Year = {2014},
	Bdsk-Url-1 = {http://tel.archives-ouvertes.fr/tel-00949818}}

@article{bib:these-cizel,
	Author = {Cizel, J.B.},
	Date-Added = {2014-06-10 16:31:06 +0000},
	Date-Modified = {2014-06-10 16:56:32 +0000},
	Bdsk-Url-1 = {http://tel.archives-ouvertes.fr/tel-00949818}}

@article{SohailAmjad:2014oua,
	Author = {Sohail Amjad, Muhammad},
	Date-Added = {2014-06-10 16:00:50 +0000},
	Date-Modified = {2014-06-10 16:01:31 +0000},
	Journal = {LAL 14-10},
	Slaccitation = {%%CITATION = INSPIRE-1295750;%%},
	Title = {{Forward-Backward asymmetry in top pair production at the ILC}},
	Url = {http://tel.archives-ouvertes.fr/tel-00949818},
	Year = {2014},
	Bdsk-Url-1 = {http://tel.archives-ouvertes.fr/tel-00949818}}

@article{Poschl:2013oral,
	Author = {P{\"o}schl, Roman},
	Collaboration = {CALICE Collaboration},
	Date-Added = {2014-06-10 14:37:52 +0000},
	Date-Modified = {2014-06-10 14:38:56 +0000},
	Journal = {Oral presentation at NSS/MIC Symposium 2013 at Seoul},
	Title = {{SiW ECAL Technological Prototype - Beam test results}},
	Year = {2013},
	Bdsk-Url-1 = {http://dx.doi.org/10.1109/NSSMIC.2011.6154587}}

@article{Poschl:2012be,
	Archiveprefix = {arXiv},
	Author = {P{\"o}schl, Roman},
	Collaboration = {CALICE Collaboration},
	Date-Added = {2014-06-10 14:35:33 +0000},
	Date-Modified = {2014-06-10 14:35:33 +0000},
	Doi = {10.1109/NSSMIC.2011.6154587},
	Eprint = {1203.0249},
	Journal = {IEEE Nucl.Sci.Symp.Conf.Rec.},
	Pages = {1132-1134},
	Primaryclass = {physics.ins-det},
	Slaccitation = {%%CITATION = ARXIV:1203.0249;%%},
	Title = {{A large scale prototype for a SiW electromagnetic calorimeter for a future linear collider - EUDET Module}},
	Volume = {2011},
	Year = {2011},
	Bdsk-Url-1 = {http://dx.doi.org/10.1109/NSSMIC.2011.6154587}}

@article{Brun:1997pa,
	Author = {Brun, R. and Rademakers, F.},
	Date-Added = {2014-06-10 14:20:25 +0000},
	Date-Modified = {2014-06-10 14:33:16 +0000},
	Doi = {10.1016/S0168-9002(97)00048-X},
	Journal = {Nucl.Instrum.Meth.},
	Pages = {81-86},
	Slaccitation = {%%CITATION = NUIMA,A389,81;%%},
	Title = {{ROOT: An object oriented data analysis framework}},
	Url = {http://root.cern.ch},
	Volume = {A389},
	Year = {1997},
	Bdsk-Url-1 = {http://dx.doi.org/10.1016/S0168-9002(97)00048-X}}

@article{Eisberg:2008nv,
	Archiveprefix = {arXiv},
	Author = {Eisberg, R. and Garutti, E. and Kammering, R. and Kaplan, A. and Karstensen, S. and others},
	Date-Added = {2014-06-10 14:16:18 +0000},
	Date-Modified = {2014-06-10 14:16:18 +0000},
	Eprint = {0811.3228},
	Primaryclass = {physics.ins-det},
	Slaccitation = {%%CITATION = ARXIV:0811.3228;%%},
	Title = {{Fast and reasonable Installation, Experience and Acceptance of a Remote Control Room}},
	Year = {2008}}

@article{Goodrick:2011mr,
	Archiveprefix = {arXiv},
	Author = {Goodrick, M.J. and Hommels, L.B.A. and Shaw, R. and Ward, D.R. and Bailey, D.S. and others},
	Date-Added = {2014-06-10 14:12:59 +0000},
	Date-Modified = {2014-06-10 14:12:59 +0000},
	Doi = {10.1088/1748-0221/6/10/P10011},
	Eprint = {1106.5863},
	Journal = {JINST},
	Pages = {P10011},
	Primaryclass = {physics.ins-det},
	Slaccitation = {%%CITATION = ARXIV:1106.5863;%%},
	Title = {{Development of a modular and scalable data acquisition system for calorimeters at a linear collider}},
	Volume = {6},
	Year = {2011},
	Bdsk-Url-1 = {http://dx.doi.org/10.1088/1748-0221/6/10/P10011}}

@article{Callier:2011zz,
	Author = {Callier, S. and Dulucq, F. and de La Taille, C. and Martin-Chassard, G. and Seguin-Moreau, N.},
	Date-Added = {2014-06-10 14:00:00 +0000},
	Date-Modified = {2014-06-10 14:00:00 +0000},
	Doi = {10.1088/1748-0221/6/12/C12040},
	Journal = {JINST},
	Pages = {C12040},
	Slaccitation = {%%CITATION = JINST,6,C12040;%%},
	Title = {{SKIROC2, front end chip designed to readout the Electromagnetic CALorimeter at the ILC}},
	Volume = {6},
	Year = {2011},
	Bdsk-Url-1 = {http://dx.doi.org/10.1088/1748-0221/6/12/C12040}}

@article{CALICE:2011aa,
	Archiveprefix = {arXiv},
	Author = {Adloff, C. and others},
	Collaboration = {CALICE Collaboration},
	Date-Added = {2014-06-10 13:56:23 +0000},
	Date-Modified = {2014-06-10 13:56:23 +0000},
	Doi = {10.1016/j.nima.2011.06.056},
	Eprint = {1102.3454},
	Journal = {Nucl.Instrum.Meth.},
	Pages = {97-109},
	Primaryclass = {physics.ins-det},
	Reportnumber = {LAL-11-19},
	Slaccitation = {%%CITATION = ARXIV:1102.3454;%%},
	Title = {{Effects of high-energy particle showers on the embedded front-end electronics of an electromagnetic calorimeter for a future lepton collider}},
	Volume = {A654},
	Year = {2011},
	Bdsk-Url-1 = {http://dx.doi.org/10.1016/j.nima.2011.06.056}}

@article{bib:cornat:2011,
	Author = {Cornat, R.},
	Date-Added = {2014-06-10 13:55:32 +0000},
	Date-Modified = {2014-06-10 13:55:32 +0000},
	Journal = {Physics Procedia},
	Number = {0},
	Pages = {1791},
	Title = {Acquisition System and Detector Interface for Power Pulsed {Acquisition System and Detector Interface for Power Pulsed Detectors}},
	Volume = {37},
	Year = {2012}}

@article{Frisson:2014uaa,
	Archiveprefix = {arXiv},
	Author = {Frisson, Thibault and Poeschl, Roman},
	Date-Added = {2014-06-10 13:50:35 +0000},
	Date-Modified = {2014-06-10 13:50:35 +0000},
	Eprint = {1401.7095},
	Primaryclass = {physics.ins-det},
	Slaccitation = {%%CITATION = ARXIV:1401.7095;%%},
	Title = {{Coherent noise source identification in multi channel analysis}},
	Year = {2014}}

@article{Poeschl:2011lcws,
	Archiveprefix = {arXiv},
	Author = {P\"oschl, Roman},
	Date-Added = {2014-06-10 13:49:10 +0000},
	Date-Modified = {2014-06-10 13:52:22 +0000},
	Eprint = {1203.0249},
	Primaryclass = {physics.ins-det},
	Slaccitation = {%%CITATION = ARXIV:1203.0249;%%},
	Title = {{A large scale prototype for a SiW electromagnetic calorimeter for a future linear collider}},
	Year = {2012}}

@article{Poschl:calor-14,
	Author = {P{\"o}schl, R.},
	Date-Added = {2014-05-21 13:45:41 +0000},
	Date-Modified = {2014-05-21 13:47:24 +0000},
	Journal = {Proceedings of CALOR14},
	Title = {Introduction to Particle Flow Calorimeters and R&D for a highly granular SiW ECAL},
	Year = {2014}}

@article{Poschl:2012pos,
	Author = {P{\"o}schl, Roman},
	Collaboration = {CALICE Collaboration},
	Date-Added = {2014-05-21 13:37:50 +0000},
	Date-Modified = {2014-06-10 14:36:57 +0000},
	Journal = {Poster at NSS/MIC Symposium 2012},
	Title = {{A large scale prototype for a SiW electromagnetic calorimeter for a future linear collider - EUDET Module}},
	Year = {2012},
	Bdsk-Url-1 = {http://dx.doi.org/10.1109/NSSMIC.2011.6154587}}

@inproceedings{CHEF_Frisson:2013,
	Author = {Frisson, T.},
	Booktitle = {Proceedings CHEF'2013},
	Collaboration = {CALICE Collaboration},
	Date-Added = {2014-05-21 13:34:05 +0000},
	Date-Modified = {2014-06-10 14:42:00 +0000},
	Keywords = {@LLR; .Conf},
	Title = {{R\&D for a highly granular SiW Ecal and analysis of beam test data}},
	Year = {2013}}

@article{Rouene:2013awa,
	Author = {Rou\"en\'e, J.},
	Date-Added = {2013-12-19 20:15:04 +0000},
	Date-Modified = {2014-06-29 15:24:03 +0000},
	Doi = {10.1016/j.nima.2013.05.129},
	Journal = {Nucl.Instrum.Meth.},
	Pages = {470-474},
	Slaccitation = {%%CITATION = NUIMA,A732,470;%%},
	Title = {{Construction and testing of a large scale prototype of a silicon tungsten electromagnetic calorimeter for a future lepton collider}},
	Volume = {A732},
	Year = {2013},
	Bdsk-Url-1 = {http://dx.doi.org/10.1016/j.nima.2013.05.129}}